<?xml version="1.0" encoding="UTF-8"?><collection xmlns="http://www.loc.gov/MARC21/slim"><record><leader>00326nam--2200133-i-4500</leader><controlfield tag="001">000046670</controlfield><controlfield tag="002">20161230</controlfield><controlfield tag="005">20161230201046</controlfield><controlfield tag="008">060222s1000------------r-----000-0-eng-d</controlfield><datafield ind1=" " ind2=" " tag="080"><subfield code="a">519.682</subfield></datafield><datafield ind1=" " ind2=" " tag="100"><subfield code="a">Vlad,Adrian I</subfield></datafield><datafield ind1=" " ind2=" " tag="245"><subfield code="a">Programe de instruire</subfield></datafield><datafield ind1=" " ind2=" " tag="260"><subfield code="a">Bucuresti, Ed.St.Si Enciclopedica, 1989. 134 P</subfield></datafield><datafield ind1=" " ind2=" " tag="852"><subfield code="a">78737</subfield></datafield></record></collection>